<record><leader>00000cas a22000007i 4500</leader><controlfield tag="001">919747895</controlfield><controlfield tag="008">150903c20159999txuwr n       0   a0eng  </controlfield><datafield ind1=" " ind2=" " tag="010"><subfield code="a">  2015202655</subfield></datafield><datafield ind1=" " ind2=" " tag="040"><subfield code="a">DLC</subfield><subfield code="b">eng</subfield><subfield code="e">rda</subfield><subfield code="c">DLC</subfield><subfield code="d">DLC</subfield></datafield><datafield ind1=" " ind2=" " tag="012"><subfield code="l">1</subfield></datafield><datafield ind1="0" ind2=" " tag="022"><subfield code="a">2380-7253</subfield><subfield code="2">1</subfield></datafield><datafield ind1=" " ind2=" " tag="037"><subfield code="b">SagePost, Inc., 1720 S. Edmunds Ln., Lewisville, TX  75067</subfield></datafield><datafield ind1=" " ind2=" " tag="042"><subfield code="a">nsdp</subfield><subfield code="a">pcc</subfield></datafield><datafield ind1="1" ind2="0" tag="050"><subfield code="a">ISSN RECORD</subfield></datafield><datafield ind1="1" ind2="0" tag="082"><subfield code="a">070</subfield><subfield code="2">23</subfield></datafield><datafield ind1=" " ind2="4" tag="222"><subfield code="a">The Lewisville Texan journal</subfield><subfield code="b">(Print)</subfield></datafield><datafield ind1="0" ind2="4" tag="245"><subfield code="a">The Lewisville Texan journal.</subfield></datafield><datafield ind1="1" ind2=" " tag="246"><subfield code="a">Lewisville Texan</subfield></datafield><datafield ind1=" " ind2="1" tag="264"><subfield code="a">Lewisville, TX :</subfield><subfield code="b">SagePost, Inc.,</subfield><subfield code="c">2015-</subfield></datafield><datafield ind1=" " ind2=" " tag="310"><subfield code="a">Weekly</subfield></datafield><datafield ind1=" " ind2=" " tag="336"><subfield code="a">text</subfield><subfield code="b">txt</subfield><subfield code="2">rdacontent</subfield></datafield><datafield ind1=" " ind2=" " tag="337"><subfield code="a">unmediated</subfield><subfield code="b">n</subfield><subfield code="2">rdamedia</subfield></datafield><datafield ind1=" " ind2=" " tag="338"><subfield code="a">volume</subfield><subfield code="b">nc</subfield><subfield code="2">rdacarrier</subfield></datafield><datafield ind1="1" ind2=" " tag="362"><subfield code="a">Began with: Volume 1, no. 1 (August 15, 2015)</subfield></datafield><datafield ind1=" " ind2=" " tag="500"><subfield code="a">"Life and Liberty in the Lone Star State".</subfield></datafield><datafield ind1=" " ind2=" " tag="588"><subfield code="a">Description based on surrogate of: Volume 1, no . 1 (August 15, 2015); title from caption.</subfield></datafield><datafield ind1=" " ind2=" " tag="588"><subfield code="a">Latest issue consulted: Volume 1, no. 3 (August 29, 2015) (surrogate).</subfield></datafield><datafield ind1="0" ind2="8" tag="776"><subfield code="i">Online version:</subfield><subfield code="t">Lewisville Texan journal</subfield><subfield code="x">2380-7261</subfield><subfield code="w">(DLC)  2015202654</subfield><subfield code="w">(OCoLC)919748895</subfield></datafield><datafield ind1="4" ind2="1" tag="856"><subfield code="u">http://issuu.com/lewisvilletexan</subfield></datafield></record>